@misc{website:wiki_lagrange,
	author = "Andrew Moise",
	title = "File:Lagrange points2.svg",
	month = "November",
	year = "2014",
	url = "https://commons.wikimedia.org/wiki/File:Lagrange_points2.svg"
}
